%  a sample bibliography file
%  

@article{small,
author = {Freely, I.P.},
title = {A small paper},
journal = {The journal of small papers},
year = 1997,
volume = {-1},
note = {to appear},
}

@www{blockchain,
    author = {Commission Nationale de l'Informatique et des Libert√©s},
    url = {https://www.cnil.fr/en/node/24533},
}

@www{Celery,
    author = {Celery},
    url = {https://docs.celeryq.dev/en/stable/}
}

@www{RabbitMQ,
    author = {RabbitMQ},
    url = {https://www.rabbitmq.com/}
}

@www{Django,
    author = {Django},
    url = {https://www.djangoproject.com/}
}

@www{ELO,
    author = {Wikipedia},
    url = {https://fr.wikipedia.org/wiki/Classement_Elo},
}

@www{Sybil,
    author = {Wikipedia},
    url = {https://fr.wikipedia.org/wiki/Attaque_Sybil},
}


%  The authors mentioned here are almost, but not quite,
%  entirely unrelated to Matt Groening.